<?xml version="1.0" encoding="UTF-8"?><record xmlns="http://www.loc.gov/MARC21/slim" xmlns:cinclude="http://apache.org/cocoon/include/1.0" xmlns:zs="http://www.loc.gov/zing/srw/">
  <leader>01617cz  a2200205n  4500</leader>
  <controlfield tag="001">no 95033773 </controlfield>
  <controlfield tag="003">DLC</controlfield>
  <controlfield tag="005">20130316094831.0</controlfield>
  <controlfield tag="008">950714n| azannaab           |a ana     c</controlfield>
  <datafield tag="010" ind1=" " ind2=" ">
    <subfield code="a">no 95033773 </subfield>
  </datafield>
  <datafield tag="035" ind1=" " ind2=" ">
    <subfield code="a">(OCoLC)oca03876429</subfield>
  </datafield>
  <datafield tag="040" ind1=" " ind2=" ">
    <subfield code="a">DGPO</subfield>
    <subfield code="b">eng</subfield>
    <subfield code="e">rda</subfield>
    <subfield code="c">DGPO</subfield>
    <subfield code="d">DLC</subfield>
  </datafield>
  <datafield tag="110" ind1="1" ind2=" ">
    <subfield code="a">United States.</subfield>
    <subfield code="b">Department of Housing and Urban Development.</subfield>
    <subfield code="b">Crime Prevention and Security Division</subfield>
  </datafield>
  <datafield tag="410" ind1="1" ind2=" ">
    <subfield code="a">United States.</subfield>
    <subfield code="b">Department of Housing and Urban Development.</subfield>
    <subfield code="b">Office of Public and Indian Housing.</subfield>
    <subfield code="b">Crime Prevention and Security Division</subfield>
  </datafield>
  <datafield tag="410" ind1="1" ind2=" ">
    <subfield code="w">nnea</subfield>
    <subfield code="a">United States.</subfield>
    <subfield code="b">Dept. of Housing and Urban Development.</subfield>
    <subfield code="b">Crime Prevention and Security Division</subfield>
  </datafield>
  <datafield tag="510" ind1="1" ind2=" ">
    <subfield code="w">b</subfield>
    <subfield code="a">United States.</subfield>
    <subfield code="b">Department of Housing and Urban Development.</subfield>
    <subfield code="b">Office of Crime Prevention and Security</subfield>
  </datafield>
  <datafield tag="510" ind1="1" ind2=" ">
    <subfield code="w">r</subfield>
    <subfield code="i">Hierarchical superior:</subfield>
    <subfield code="a">United States.</subfield>
    <subfield code="b">Department of Housing and Urban Development.</subfield>
    <subfield code="b">Office of Public and Indian Housing</subfield>
  </datafield>
  <datafield tag="670" ind1=" " ind2=" ">
    <subfield code="a">The arts build communities, 1995?:</subfield>
    <subfield code="b">t.p. (U.S. Department of Housing and Urban Development, Office of Public and Indian Housing, Crime Prevention and Security Division)</subfield>
  </datafield>
  <datafield tag="670" ind1=" " ind2=" ">
    <subfield code="a">Carroll's fed. dir., Jan./Feb. 1996</subfield>
    <subfield code="b">(Department of Housing and Urban Development; Public and Indian Housing, Assistant Secretary; Community Relations and Involvement, Deputy Assistant Secretary; Crime Prevention/Security Div.)</subfield>
  </datafield>
  <datafield tag="670" ind1=" " ind2=" ">
    <subfield code="a">Carroll's fed. dir., Sept./Oct. 1996</subfield>
    <subfield code="b">(Department of Housing and Urban Development; Public and Indian Housing, Assistant Secretary; Community Relations and Involvement, Deputy Assistant Secretary; Crime Prevention &amp; Security Ofc. [same person, phone no., as Div.])</subfield>
  </datafield>
</record>